@ARTICLE{a,
title = {递归算法分析中主定理的应用},
author = {李卿},
journal = {黑龙江科技信息},
year = {2011},
issue = {29},
pages = {193+83},
issn = {1673-1328},
notes = {23-1400/G3}
}
@ARTICLE{b,
author = {Bentley, Jon Louis and Haken, Dorothea and Saxe, James B.},
title = {A General Method for Solving Divide-and-Conquer Recurrences},
year = {1980},
issue_date = {Fall 1980},
publisher = {Association for Computing Machinery},
address = {New York, NY, USA},
volume = {12},
number = {3},
issn = {0163-5700},
url = {https://doi.org/10.1145/1008861.1008865},
doi = {10.1145/1008861.1008865},
journal = {SIGACT News},
month = {sep},
pages = {36-44},
numpages = {9}
}
@BOOK{c,
author = {Aho, Alfred V. and Hopcroft, John E.},
title = {The Design and Analysis of Computer Algorithms},
year = {1974},
isbn = {0201000296},
publisher = {Addison-Wesley Longman Publishing Co., Inc.},
address = {USA},
edition = {1st},
}