@book{dbconcept,
  edition   = {7th},
  publisher = {McGraw-Hill, Inc. New York, NY, USA},
  title     = {{Database System Concepts}},
  year      = 2019,
  pages     = {283-285}
}
@book{dbconcept2,
  edition   = {7th},
  publisher = {McGraw-Hill, Inc. New York, NY, USA},
  title     = {{Database System Concepts}},
  year      = 2019,
  pages     = {269-270}
}
@book{dbconcept3,
  edition   = {7th},
  publisher = {McGraw-Hill, Inc. New York, NY, USA},
  title     = {{Database System Concepts}},
  year      = 2019,
  pages     = {257-259}
}
@article{article1,
  author  = {闫佳宜},
  title   = {共享单车运营规制研究},
  journal = {合作经济与科技},
  year    = {2024},
  number  = {07},
  pages   = {179-181}
}
@misc{data,
  author = {PostgreSQL 17},
  title  = {Data Types},
  year   = {2024},
  url    = {https://www.postgresql.org/docs/17/datatype.html},
  note   = {Accessed: 2024-11-06}
}
