@article{a,
  title={Measurement of the refractive index of distilled water from the near-infrared region to the ultraviolet region.},
  author={Masahiko Daimon and Akira Masumura},
  journal={Applied optics},
  year={2007},
  volume={46 18},
  pages={
          3811-20
        }
}