%This file was created with JabRef 2.6.
%Encoding:UTF8

@BOOK{a,
title={Chaotic Dynamics of Nonlinear Systems},
publisher={Wiley VCH},
year={1997},
author={S.Neil Rasband}
}
@BOOK{b,
title={Chaos and Integrability in Nonlinear Dynamics: An Introduction 1 First Edition},
publisher={Wiley-Interscience},
year={1989},
author={Michael Tabor}
}
@BOOK{c,
title={Perspectives of Nonlinear Dynamics},
publisher={Cambridge University Press},
year={1989},
author={E.Atlee Jackson}
}
@BOOK{d,
title={Period Three Implies Chaos},
publisher={The American Mathematical Monthly},
year={1975},
author={Tien-Yien Li and James A. Yorke}
}
@ARTICLE{e,
title={Simple mathematical models with very complicated dynamics},
publisher={nature},
year={1976},
author={Robert.M.May}
}


